0302        021427       27123SPECITUBES              0032207                   E     0376400020061283                                               30003      
0602        0214270000300116  M. CHRISTOPHE NUSS      CAISSE FEDER CIT MUT            05019000201228400000000000385705SALAIRE     012 2013           10278      
0602        0214270000300075  M. ERIC NOBLE           CAISSE DE CREDIT MUT            06084000201550010000000000598204SALAIRE     012 2013           10278      
0602        0214270000300026  M. JEAN-SEBASTIEN FROMONBANQUE POPULAIRE DU             00108306308619060000000000301214SALAIRE     012 2013           13507      
0602        0214270000300029  M. NICOLAS FONTAINE     CAISSE FEDER CIT MUT            02658000105080400000000000695637SALAIRE     012 2013           15629      
0602        0214270000300076  M. DOMINIQUE FORMANIAK  CAISSE D'EPARGNE                50000049954515000000000000266771SALAIRE     012 2013           16275      
0602        0214270003100607  FOURNY MAXIME           CRCAM DU PAS DE CALA            00030108772400000000000000336051SALAIRE     012 2013           16706      
0602        0214270000300043  M. OLIVIER THERY        CRCAM DU PAS DE CALA            00083018750430000000000000371830SALAIRE     012 2013           16706      
0602        0214270003200302  CARLIER                 CREDIT AGRICOLE DU N            05054503507330100000000000304359SALAIRE     012 2013           16706      
0602        0214270000300001  M. NICOLAS MARTIN       CRCAM CENTRE FRANCE             04400032663700010000000000332913SALAIRE     012 2013           16806      
0602        0214270000300068  M. XAVIER MATHIEU       CRCAM DE PARIS ET D             00053602977191940000000000294486SALAIRE     012 2013           18206      
0602        0214270000300042  MLLE CATHERINE HALBOUT  CENTRE DE CHEQUES PO            010050457456E0260000000000250833SALAIRE     012 2013           20041      
0602        0214270000300050  M. PHILIPPE LEPRETRE    CENTRE DE CHEQUES PO            010050815721Y0260000000000501286SALAIRE     012 2013           20041      
0602        0214270000300016  M. JOHANN MINNE         CENTRE DE CHEQUES PO            010051217763A0260000000000286082SALAIRE     012 2013           20041      
0602        0214270002991653  LENARDUZZI              CENTRE DE CHEQUES PO            010051892176H0260000000000283302SALAIRE     012 2013           20041      
0602        0214270000300096  M. BERTRAND VASSEUR     CENTRE DE CHEQUES PO            010052003230U0260000000000298570SALAIRE     012 2013           20041      
0602        0214270000300115  M. JEAN BOUTELOUP       CENTRE DE CHEQUES PO            010124695223U0330000000000152598SALAIRE     012 2013           20041      
0602        0214270000300114  M. JOSE MAGRINA HERAS   CREDIT LYONNAIS                 040590000008536H0000000000550891SALAIRE     012 2013           30002      
0602        0214270000300049  M. SEBASTIEN WHITEAD    STE GENERALE                    00790000507142950000000000268946SALAIRE     012 2013           30003      
0602        0214270000300034  M. JACQUES DAVID LEVY   STE GENERALE                    02114000511015590000000000240427SALAIRE     012 2013           30003      
0602        0214270000300104  M. LEOPOLD BILANG       STE GENERALE                    02224000501620610000000000241739SALAIRE     012 2013           30003      
0602        0214270012200008  M. BERNARD JEANTET      BANQUE NATIONALE DE             00357000064599950000000000857723SALAIRE     112 2013           30004      
0602        0214270000300108  M. NICOLAS LEFEBVRE     BANQUE NATIONALE DE             00537000003820420000000000365461SALAIRE     012 2013           30004      
0602        0214270003200710  GINESTE                 BANQUE NATIONALE DE             01699000002382560000000000201366SALAIRE     012 2013           30004      
0802        021427                                                                                    0000000008386394                                          